@book{ddd,
	author = "Eric Evans",
	title = "Domain-Driven Design: Tackling Complexity in the Heart of Software",
	year = "2003",
	publisher = "Domain Language"
}

@book{metodologia,
	author    = "E. MORESI",
    title     = "Metodologia de pesquisa",
    year      = "2003",
    publisher = "Universidade Católica de Brasília"
}

@book{qualidadesoftware,
	author    = "André Koscianski and Michel dos Santos Soares",
    title     = "Qualidade de Software - Aprenda as metodologias e técnicas mais modernas para o desenvolvimento de software",
    year      = "2007",
    publisher = "Novatec"
}

@book{pesquisa,
	author    = "Khalid El Andaloussi ",
    title     = "Pesquisas-ações: ciências, desenvolvimento, democracia",
    year      = "2004",
    publisher = "Edufscar"
}

@book{vbse1,
	author    = "Stefan Biffl and Aybüke Aurum and Barry Boehm and Hakan Erdogmus and Paul Grünbacher",
    title     = "Value-Based Software Engineering",
    year      = "2014",
    publisher = "Springer"
}

@book{paulafilho,
	author    = "Wilson de Pádua Paula Filho",
    title     = "Engenharia de Software - Fundamentos, Métodos e Padrões",
    year      = "2009",
    publisher = "LTC"
}

@article{gqm,
	Author = "Victor R. Basili and H. Dieter Rombach",
	Title = {Goal Question Metric Paradigm},
	Year = {1994}
}

@article{cemkaner,
	Author = "Cem Kaner",
	Title = {Software Negligence and Testing Coverage},
	Year = {1995},
	Address = "Dept of Computer Sciences, Florida Tech"
}

@article{vbse2,
	Author = "Rudolf Ramler and Stefan Biffl and Paul Grünbacher",
	Title = {Value-Based Management of Software Testing},
	Year = {2014},
	Address = "Software Competence Center Hagenberg and Vienna University of Technology and Johannes Kepler University Linz"
}

@article{sistematica,
	Author = "Kitchenham",
	Title = {Guidelines for performing systematic literature reviews in software engineering},
	Year = {2007}
}

@article{stubs1,
	Author = "Luciano Bathaglini Biasi",
	Title = {Geração automatizada de drivers e stubs de teste para JUnit a partir de especificações U2TP},
	Year = {2006}
}

@article{nasa,
	Author = "D. Ganesan and M. Lindvall and D. McComas and M. Bartholomew and S. Slegel and B. Medina and R. Krikhaar and C. Verhoef and L. P. Montgomery",
	Title = {An analysis of unit tests of a flight software product line},
	Year = {2013}
}

@article{asserts,
	Author = "Mauricio Finavaro Aniche and Gustavo Ansaldi Oliva and Marco Aurélio Gerosa",
	Title = {What Do The Asserts in a Unit Test Tell Us About Code Quality? A Study on Open Source and Industrial Projects},
	Year = {2013}
}

@article{adequacao,
	Author = "Hong Zhu and Patrick A. V. Hall and John H. R. May",
	Title = {Software Unit Test Coverage and Adequacy},
	Year = {1997}
}

@article{feedback,
	Author = "Michael Perscheid and Damien Cassou and Robert Hirschfeld",
	Title = {Test Quality Feedback Improving Effectivity and Efficiency of Unit Testing},
	Year = {2012}
}

@article{cobertura,
	Author = "Alexandre Bergel and Vanessa Peña",
	Title = {Increasing test coverage with HAPAO},
	Year = {2012}
}

@article{verificacao1,
	Author = "H. Singh and H. S. Bawa",
	Title = {Management of Effective Verification and Validation},
	Year = {1995}
}

@article{inspecao1,
	Author = "Jorge Rady de Almeida Júnior and João Batista Cmargo Júnior and Bruno Abrantes Basseto and Sérgio Miranda Paz",
	Title = {Best Practices in Code Inspection for Safety-Critical Software},
	Year = {2003}
}